%Referencias para trabajo terminal

@article{turing,
  title={Mind},
  author={Turing, AM},
  journal={Mind},
  volume={59},
  number={236},
  pages={433--460},
  year={1950}
}


@article{searle,
  title={Minds, brains, and programs},
  author={Searle, John R},
  journal={Behavioral and brain sciences},
  volume={3},
  number={3},
  pages={417--424},
  year={1980},
  publisher={Cambridge University Press}
}

@article{cart,
  title={The Stanford cart and the CMU rover},
  author={Moravec, Hans P},
  journal={Proceedings of the IEEE},
  volume={71},
  number={7},
  pages={872--884},
  year={1983},
  publisher={IEEE}
}

@article{checkers,
  title={Some studies in machine learning using the game of checkers},
  author={Samuel, Arthur L},
  journal={IBM Journal of research and development},
  volume={44},
  number={1.2},
  pages={206--226},
  year={2000},
  publisher={IBM}
}

@article{hal,
  title={From 2001 to 2001: Common Sense and the Mind of HAL},
  author={Lenat, Douglas B},
  journal={HALâ€™s Legacy},
  pages={193--209},
  year={2001}
}

@book{SOM,
  title={Society of mind},
  author={Minsky, Marvin},
  year={1988},
  publisher={Simon and Schuster}
}

@article{brooks,
  title={Intelligence without reason},
  author={Brooks, Rodney A},
  year={1991}
}

@article{connectionist,
  title={The architecture of mind: A connectionist approach},
  author={Rumelhart, David E},
  journal={Mind readings},
  pages={207--238},
  year={1998}
}

@misc{tesla, title={About Tesla: Tesla}, url={https://www.tesla.com/about}, journal={Tesla, Inc}}